@ARTICLE{Batygin2020,
       author = {{Batygin}, Konstantin and {Morbidelli}, Alessandro},
        title = "{Formation of Giant Planet Satellites}",
      journal = {\apj},
     keywords = {Satellite formation, Galilean satellites, Saturnian satellites, 1425, 627, 1427, Astrophysics - Earth and Planetary Astrophysics},
         year = 2020,
        month = may,
       volume = {894},
       number = {2},
          eid = {143},
        pages = {143},
          doi = {10.3847/1538-4357/ab8937},
archivePrefix = {arXiv},
       eprint = {2005.08330},
 primaryClass = {astro-ph.EP},
       adsurl = {https://ui.adsabs.harvard.edu/abs/2020ApJ...894..143B},
      adsnote = {Provided by the SAO/NASA Astrophysics Data System}
}

@ARTICLE{Fung2019,
       author = {{Fung}, Jeffrey and {Zhu}, Zhaohuan and {Chiang}, Eugene},
        title = "{Circumplanetary Disk Dynamics in the Isothermal and Adiabatic Limits}",
      journal = {\apj},
     keywords = {Exoplanet atmospheres, Exoplanet structure, Exoplanet evolution, Exoplanets, Protoplanetary disks, Extrasolar gas giants, Hydrodynamical simulations, Accretion, Satellite formation, Exoplanet formation, Planet formation, Natural satellites: Solar system, 487, 495, 491, 498, 1300, 509, 767, 14, 1425, 492, 1241, 1089, Astrophysics - Earth and Planetary Astrophysics},
         year = 2019,
        month = dec,
       volume = {887},
       number = {2},
          eid = {152},
        pages = {152},
          doi = {10.3847/1538-4357/ab53da},
archivePrefix = {arXiv},
       eprint = {1909.09655},
 primaryClass = {astro-ph.EP},
       adsurl = {https://ui.adsabs.harvard.edu/abs/2019ApJ...887..152F},
      adsnote = {Provided by the SAO/NASA Astrophysics Data System}
}

@ARTICLE{Teague2019,
       author = {{Teague}, Richard and {Bae}, Jaehan and {Bergin}, Edwin A.},
        title = "{Meridional flows in the disk around a young star}",
      journal = {\nat},
     keywords = {Astrophysics - Earth and Planetary Astrophysics},
         year = 2019,
        month = oct,
       volume = {574},
       number = {7778},
        pages = {378-381},
          doi = {10.1038/s41586-019-1642-0},
archivePrefix = {arXiv},
       eprint = {1910.06980},
 primaryClass = {astro-ph.EP},
       adsurl = {https://ui.adsabs.harvard.edu/abs/2019Natur.574..378T},
      adsnote = {Provided by the SAO/NASA Astrophysics Data System}
}

@ARTICLE{Szul2019,
       author = {{Szul{\'a}gyi}, J. and {Dullemond}, C.~P. and {Pohl}, A. and {Quanz}, S.~P.},
        title = "{Observability of forming planets and their circumplanetary discs II. - SEDs and near-infrared fluxes}",
      journal = {\mnras},
     keywords = {radiative transfer, planets and satellites: detection, planets and satellites: formation, protoplanetary discs, infrared: planetary systems, Astrophysics - Earth and Planetary Astrophysics},
         year = 2019,
        month = jul,
       volume = {487},
       number = {1},
        pages = {1248-1258},
          doi = {10.1093/mnras/stz1326},
archivePrefix = {arXiv},
       eprint = {1905.03563},
 primaryClass = {astro-ph.EP},
       adsurl = {https://ui.adsabs.harvard.edu/abs/2019MNRAS.487.1248S},
      adsnote = {Provided by the SAO/NASA Astrophysics Data System}
}

@ARTICLE{Isella2019,
       author = {{Isella}, Andrea and {Benisty}, Myriam and {Teague}, Richard and {Bae}, Jaehan and {Keppler}, Miriam and {Facchini}, Stefano and {P{\'e}rez}, Laura},
        title = "{Detection of Continuum Submillimeter Emission Associated with Candidate Protoplanets}",
      journal = {\apjl},
     keywords = {instrumentation: high angular resolution, instrumentation: interferometers, planetary systems, planet{\textendash}disk interactions, planets and satellites: formation, protoplanetary disks, Astrophysics - Earth and Planetary Astrophysics, Astrophysics - Solar and Stellar Astrophysics},
         year = 2019,
        month = jul,
       volume = {879},
       number = {2},
          eid = {L25},
        pages = {L25},
          doi = {10.3847/2041-8213/ab2a12},
archivePrefix = {arXiv},
       eprint = {1906.06308},
 primaryClass = {astro-ph.EP},
       adsurl = {https://ui.adsabs.harvard.edu/abs/2019ApJ...879L..25I},
      adsnote = {Provided by the SAO/NASA Astrophysics Data System}
}

@ARTICLE{Ward2018,
       author = {{Ward-Duong}, K. and {Patience}, J. and {Bulger}, J. and {van der Plas}, G. and {M{\'e}nard}, F. and {Pinte}, C. and {Jackson}, A.~P. and {Bryden}, G. and {Turner}, N.~J. and {Harvey}, P. and {Hales}, A. and {De Rosa}, R.~J.},
        title = "{The Taurus Boundary of Stellar/Substellar (TBOSS) Survey. II. Disk Masses from ALMA Continuum Observations}",
      journal = {\aj},
     keywords = {brown dwarfs, protoplanetary disks, stars: formation, stars: low-mass, stars: pre-main sequence, Astrophysics - Earth and Planetary Astrophysics, Astrophysics - Solar and Stellar Astrophysics},
         year = 2018,
        month = feb,
       volume = {155},
       number = {2},
          eid = {54},
        pages = {54},
          doi = {10.3847/1538-3881/aaa128},
archivePrefix = {arXiv},
       eprint = {1712.07669},
 primaryClass = {astro-ph.EP},
       adsurl = {https://ui.adsabs.harvard.edu/abs/2018AJ....155...54W},
      adsnote = {Provided by the SAO/NASA Astrophysics Data System}
}

@ARTICLE{Szul2017b,
       author = {{Szul{\'a}gyi}, J.},
        title = "{Effects of the Planetary Temperature on the Circumplanetary Disk and on the Gap}",
      journal = {\apj},
     keywords = {hydrodynamics, methods: numerical, planets and satellites: detection, Astrophysics - Earth and Planetary Astrophysics},
         year = 2017,
        month = jun,
       volume = {842},
       number = {2},
          eid = {103},
        pages = {103},
          doi = {10.3847/1538-4357/aa7515},
archivePrefix = {arXiv},
       eprint = {1705.08444},
 primaryClass = {astro-ph.EP},
       adsurl = {https://ui.adsabs.harvard.edu/abs/2017ApJ...842..103S},
      adsnote = {Provided by the SAO/NASA Astrophysics Data System}
}

@ARTICLE{Fujii2017,
       author = {{Fujii}, Yuri I. and {Kobayashi}, Hiroshi and {Takahashi}, Sanemichi Z. and {Gressel}, Oliver},
        title = "{Orbital Evolution of Moons in Weakly Accreting Circumplanetary Disks}",
      journal = {\aj},
     keywords = {planets and satellites: formation, planets and satellites: gaseous planets, protoplanetary disks, Astrophysics - Earth and Planetary Astrophysics},
         year = 2017,
        month = apr,
       volume = {153},
       number = {4},
          eid = {194},
        pages = {194},
          doi = {10.3847/1538-3881/aa647d},
archivePrefix = {arXiv},
       eprint = {1703.03759},
 primaryClass = {astro-ph.EP},
       adsurl = {https://ui.adsabs.harvard.edu/abs/2017AJ....153..194F},
      adsnote = {Provided by the SAO/NASA Astrophysics Data System}
}

@ARTICLE{Szul2017a,
       author = {{Szul{\'a}gyi}, J. and {Mayer}, L. and {Quinn}, T.},
        title = "{Circumplanetary discs around young giant planets: a comparison between core-accretion and disc instability}",
      journal = {\mnras},
     keywords = {accretion, accretion discs, hydrodynamics, methods: numerical, planets and satellites: formation, planet-disc interactions, Astrophysics - Earth and Planetary Astrophysics},
         year = 2017,
        month = jan,
       volume = {464},
       number = {3},
        pages = {3158-3168},
          doi = {10.1093/mnras/stw2617},
archivePrefix = {arXiv},
       eprint = {1610.01791},
 primaryClass = {astro-ph.EP},
       adsurl = {https://ui.adsabs.harvard.edu/abs/2017MNRAS.464.3158S},
      adsnote = {Provided by the SAO/NASA Astrophysics Data System}
}

@ARTICLE{Szul2016,
       author = {{Szul{\'a}gyi}, J. and {Masset}, F. and {Lega}, E. and {Crida}, A. and {Morbidelli}, A. and {Guillot}, T.},
        title = "{Circumplanetary disc or circumplanetary envelope?}",
      journal = {\mnras},
     keywords = {hydrodynamics, methods: numerical, planets and satellites: formation, planet-disc interactions, Astrophysics - Earth and Planetary Astrophysics},
         year = 2016,
        month = aug,
       volume = {460},
       number = {3},
        pages = {2853-2861},
          doi = {10.1093/mnras/stw1160},
archivePrefix = {arXiv},
       eprint = {1605.04586},
 primaryClass = {astro-ph.EP},
       adsurl = {https://ui.adsabs.harvard.edu/abs/2016MNRAS.460.2853S},
      adsnote = {Provided by the SAO/NASA Astrophysics Data System}
}

@ARTICLE{Zhu2016,
       author = {{Zhu}, Zhaohuan and {Baruteau}, Cl{\'e}ment},
        title = "{Gas and dust hydrodynamical simulations of massive lopsided transition discs - I. Gas distribution}",
      journal = {\mnras},
     keywords = {hydrodynamics, instabilities, protoplanetary discs, stars: protostars, Astrophysics - Earth and Planetary Astrophysics, Astrophysics - Astrophysics of Galaxies},
         year = 2016,
        month = jun,
       volume = {458},
       number = {4},
        pages = {3918-3926},
          doi = {10.1093/mnras/stw202},
archivePrefix = {arXiv},
       eprint = {1511.03497},
 primaryClass = {astro-ph.EP},
       adsurl = {https://ui.adsabs.harvard.edu/abs/2016MNRAS.458.3918Z},
      adsnote = {Provided by the SAO/NASA Astrophysics Data System}
}

@ARTICLE{Fujii2014,
       author = {{Fujii}, Yuri I. and {Okuzumi}, Satoshi and {Tanigawa}, Takayuki and {Inutsuka}, Shu-ichiro},
        title = "{On the Viability of the Magnetorotational Instability in Circumplanetary Disks}",
      journal = {\apj},
     keywords = {dust, extinction, planets and satellites: formation, protoplanetary disks, Astrophysics - Earth and Planetary Astrophysics, Astrophysics - Solar and Stellar Astrophysics},
         year = 2014,
        month = apr,
       volume = {785},
       number = {2},
          eid = {101},
        pages = {101},
          doi = {10.1088/0004-637X/785/2/101},
archivePrefix = {arXiv},
       eprint = {1402.6091},
 primaryClass = {astro-ph.EP},
       adsurl = {https://ui.adsabs.harvard.edu/abs/2014ApJ...785..101F},
      adsnote = {Provided by the SAO/NASA Astrophysics Data System}
}

@ARTICLE{Szul2014,
       author = {{Szul{\'a}gyi}, J. and {Morbidelli}, A. and {Crida}, A. and {Masset}, F.},
        title = "{Accretion of Jupiter-mass Planets in the Limit of Vanishing Viscosity}",
      journal = {\apj},
     keywords = {accretion, accretion disks, hydrodynamics, methods: numerical, planets and satellites: formation, planets and satellites: gaseous planets, protoplanetary disks, Astrophysics - Earth and Planetary Astrophysics},
         year = 2014,
        month = feb,
       volume = {782},
       number = {2},
          eid = {65},
        pages = {65},
          doi = {10.1088/0004-637X/782/2/65},
archivePrefix = {arXiv},
       eprint = {1312.6302},
 primaryClass = {astro-ph.EP},
       adsurl = {https://ui.adsabs.harvard.edu/abs/2014ApJ...782...65S},
      adsnote = {Provided by the SAO/NASA Astrophysics Data System}
}

@ARTICLE{Gressel2013,
       author = {{Gressel}, O. and {Nelson}, R.~P. and {Turner}, N.~J. and {Ziegler}, U.},
        title = "{Global Hydromagnetic Simulations of a Planet Embedded in a Dead Zone: Gap Opening, Gas Accretion, and Formation of a Protoplanetary Jet}",
      journal = {\apj},
     keywords = {magnetohydrodynamics: MHD, methods: numerical, planets and satellites: formation, protoplanetary disks, Astrophysics - Earth and Planetary Astrophysics},
         year = 2013,
        month = dec,
       volume = {779},
       number = {1},
          eid = {59},
        pages = {59},
          doi = {10.1088/0004-637X/779/1/59},
archivePrefix = {arXiv},
       eprint = {1309.2871},
 primaryClass = {astro-ph.EP},
       adsurl = {https://ui.adsabs.harvard.edu/abs/2013ApJ...779...59G},
      adsnote = {Provided by the SAO/NASA Astrophysics Data System}
}

@ARTICLE{Fujii2011,
       author = {{Fujii}, Yuri I. and {Okuzumi}, Satoshi and {Inutsuka}, Shu-ichiro},
        title = "{A Fast and Accurate Calculation Scheme for Ionization Degrees in Protoplanetary and Circumplanetary Disks with Charged Dust Grains}",
      journal = {\apj},
     keywords = {dust, extinction, planets and satellites: formation, protoplanetary disks, Astrophysics - Earth and Planetary Astrophysics},
         year = 2011,
        month = dec,
       volume = {743},
       number = {1},
          eid = {53},
        pages = {53},
          doi = {10.1088/0004-637X/743/1/53},
archivePrefix = {arXiv},
       eprint = {1106.3528},
 primaryClass = {astro-ph.EP},
       adsurl = {https://ui.adsabs.harvard.edu/abs/2011ApJ...743...53F},
      adsnote = {Provided by the SAO/NASA Astrophysics Data System}
}

@ARTICLE{Ward2010,
       author = {{Ward}, William R. and {Canup}, Robin M.},
        title = "{Circumplanetary Disk Formation}",
      journal = {\aj},
     keywords = {planet-disk interactions, planets and satellites: formation, planets and satellites: physical evolution},
         year = 2010,
        month = nov,
       volume = {140},
       number = {5},
        pages = {1168-1193},
          doi = {10.1088/0004-6256/140/5/1168},
       adsurl = {https://ui.adsabs.harvard.edu/abs/2010AJ....140.1168W},
      adsnote = {Provided by the SAO/NASA Astrophysics Data System}
}

@ARTICLE{Machida2008,
       author = {{Machida}, Masahiro N. and {Kokubo}, Eiichiro and {Inutsuka}, Shu-ichiro and {Matsumoto}, Tomoaki},
        title = "{Angular Momentum Accretion onto a Gas Giant Planet}",
      journal = {\apj},
     keywords = {accretion, accretion disks, hydrodynamics, planetary systems, planets and satellites: formation, solar system: formation, Astrophysics},
         year = 2008,
        month = oct,
       volume = {685},
       number = {2},
        pages = {1220-1236},
          doi = {10.1086/590421},
archivePrefix = {arXiv},
       eprint = {0801.3305},
 primaryClass = {astro-ph},
       adsurl = {https://ui.adsabs.harvard.edu/abs/2008ApJ...685.1220M},
      adsnote = {Provided by the SAO/NASA Astrophysics Data System}
}

@ARTICLE{Dangelo2003,
       author = {{D'Angelo}, Gennaro and {Henning}, Thomas and {Kley}, Willy},
        title = "{Thermohydrodynamics of Circumstellar Disks with High-Mass Planets}",
      journal = {\apj},
     keywords = {Accretion, Accretion Disks, Hydrodynamics, Methods: Numerical, Stars: Planetary Systems: Formation, Radiative Transfer, Astrophysics},
         year = 2003,
        month = dec,
       volume = {599},
       number = {1},
        pages = {548-576},
          doi = {10.1086/379224},
archivePrefix = {arXiv},
       eprint = {astro-ph/0309236},
 primaryClass = {astro-ph},
       adsurl = {https://ui.adsabs.harvard.edu/abs/2003ApJ...599..548D},
      adsnote = {Provided by the SAO/NASA Astrophysics Data System}
}



@article{Fung_2017,
    doi = {10.3847/1538-3881/153/3/124},
    url = {https://doi.org/10.3847/1538-3881/153/3/124},
    year = 2017,
    month = {feb},
    publisher = {American Astronomical Society},
    volume = {153},
    number = {3},
    pages = {124},
    author = {Jeffrey Fung and Fr{\'{e}}d{\'{e}}ric Masset and Elena Lega and David Velasco},
    title = {Planetary Torque in 3D Isentropic Disks},
    journal = {The Astronomical Journal},
}

@ARTICLE{Lunine1982,
       author = {{Lunine}, J.~I. and {Stevenson}, D.~J.},
        title = "{Formation of the galilean satellites in a gaseous nebula}",
      journal = {\icarus},
     keywords = {Astronomical Models, Galilean Satellites, Planetary Evolution, Protoplanets, Satellite Atmospheres, Satellite Surfaces, Gravitational Effects, Nebulae, Surface Temperature, JUPITER, SATELLITES, FORMATION, GASES, NEBULA, MATHEMATICAL MODELS, ANALYSIS, ACCRETION, OPTICAL PROPERTIES, GRAVITY EFFECTS, ATMOSPHERE, TEMPERATURE, STRUCTURE, GANYMEDE, CALLISTO, DIFFERENTIATION, SIZE, AERODYNAMICS, PLANETESIMALS, DISTRIBUTION, DENSITY, ICE, COOLING, RADIUS, ANGULAR MOMENTUM, ORBITS, PARAMETERS, EUROPA, IO, AMALTHEA, DATA, EVOLUTION, INTERACTIONS, COMPARISONS, CORES, SILICATE, WATER, Lunar and Planetary Exploration; Jupiter, Earth Science, Earth Science},
         year = 1982,
        month = oct,
       volume = {52},
       number = {1},
        pages = {14-39},
          doi = {10.1016/0019-1035(82)90166-X},
       adsurl = {https://ui.adsabs.harvard.edu/abs/1982Icar...52...14L},
      adsnote = {Provided by the SAO/NASA Astrophysics Data System}
}

@ARTICLE{Goodman2001,
       author = {{Goodman}, J. and {Rafikov}, R.~R.},
        title = "{Planetary Torques as the Viscosity of Protoplanetary Disks}",
      journal = {\apj},
     keywords = {Stars: Planetary Systems, Planets and Satellites: General, Solar System: Formation, Astrophysics},
         year = 2001,
        month = may,
       volume = {552},
       number = {2},
        pages = {793-802},
          doi = {10.1086/320572},
archivePrefix = {arXiv},
       eprint = {astro-ph/0010576},
 primaryClass = {astro-ph},
       adsurl = {https://ui.adsabs.harvard.edu/abs/2001ApJ...552..793G},
      adsnote = {Provided by the SAO/NASA Astrophysics Data System}
}

@ARTICLE{Canup2006,
       author = {{Canup}, Robin M. and {Ward}, William R.},
        title = "{A common mass scaling for satellite systems of gaseous planets}",
      journal = {\nat},
         year = 2006,
        month = jun,
       volume = {441},
       number = {7095},
        pages = {834-839},
          doi = {10.1038/nature04860},
       adsurl = {https://ui.adsabs.harvard.edu/abs/2006Natur.441..834C},
      adsnote = {Provided by the SAO/NASA Astrophysics Data System}
}

@ARTICLE{Heller2015a,
       author = {{Heller}, Ren{\'e} and {Pudritz}, Ralph},
        title = "{Water Ice Lines and the Formation of Giant Moons around Super-Jovian Planets}",
      journal = {\apj},
     keywords = {accretion, accretion disks, planets and satellites: formation, planets and satellites: gaseous planets, planets and satellites: physical evolution, planet{\textendash}disk interactions, Astrophysics - Earth and Planetary Astrophysics},
         year = 2015,
        month = jun,
       volume = {806},
       number = {2},
          eid = {181},
        pages = {181},
          doi = {10.1088/0004-637X/806/2/181},
archivePrefix = {arXiv},
       eprint = {1410.5802},
 primaryClass = {astro-ph.EP},
       adsurl = {https://ui.adsabs.harvard.edu/abs/2015ApJ...806..181H},
      adsnote = {Provided by the SAO/NASA Astrophysics Data System}
}

@ARTICLE{Heller2015b,
       author = {{Heller}, R. and {Pudritz}, R.},
        title = "{Conditions for water ice lines and Mars-mass exomoons around accreting super-Jovian planets at 1-20 AU from Sun-like stars}",
      journal = {\aap},
     keywords = {accretion, accretion disks, planets and satellites: formation, planets and satellites: general, astrobiology, planets and satellites: physical evolution, Astrophysics - Earth and Planetary Astrophysics},
         year = 2015,
        month = jun,
       volume = {578},
          eid = {A19},
        pages = {A19},
          doi = {10.1051/0004-6361/201425487},
archivePrefix = {arXiv},
       eprint = {1504.01668},
 primaryClass = {astro-ph.EP},
       adsurl = {https://ui.adsabs.harvard.edu/abs/2015A&A...578A..19H},
      adsnote = {Provided by the SAO/NASA Astrophysics Data System}
}

@ARTICLE{Shibaike2017,
       author = {{Shibaike}, Yuhito and {Okuzumi}, Satoshi and {Sasaki}, Takanori and {Ida}, Shigeru},
        title = "{Satellitesimal Formation via Collisional Dust Growth in Steady Circumplanetary Disks}",
      journal = {\apj},
     keywords = {accretion, accretion disks, planets and satellites: formation, turbulence, Astrophysics - Earth and Planetary Astrophysics},
         year = 2017,
        month = sep,
       volume = {846},
       number = {1},
          eid = {81},
        pages = {81},
          doi = {10.3847/1538-4357/aa8454},
archivePrefix = {arXiv},
       eprint = {1708.01080},
 primaryClass = {astro-ph.EP},
       adsurl = {https://ui.adsabs.harvard.edu/abs/2017ApJ...846...81S},
      adsnote = {Provided by the SAO/NASA Astrophysics Data System}
}

@ARTICLE{Ronnet2018,
       author = {{Ronnet}, T. and {Mousis}, O. and {Vernazza}, P. and {Lunine}, J.~I. and {Crida}, A.},
        title = "{Saturn{\textquoteright}s Formation and Early Evolution at the Origin of Jupiter{\textquoteright}s Massive Moons}",
      journal = {\aj},
     keywords = {methods: numerical, planets and satellites: formation, planets and satellites: individual: Jupiter, Saturn, Galilean satellites, protoplanetary disks, Astrophysics - Earth and Planetary Astrophysics},
         year = 2018,
        month = may,
       volume = {155},
       number = {5},
          eid = {224},
        pages = {224},
          doi = {10.3847/1538-3881/aabcc7},
archivePrefix = {arXiv},
       eprint = {1804.02892},
 primaryClass = {astro-ph.EP},
       adsurl = {https://ui.adsabs.harvard.edu/abs/2018AJ....155..224R},
      adsnote = {Provided by the SAO/NASA Astrophysics Data System}
}